@article{ Nobody06,
       author = "Nobody Jr",
       title = "My Article",
       year = "2006" }

@article{Bennett2006,
  title = {Final report of the E821 muon anomalous magnetic moment measurement at BNL},
  author = {Bennett, G. W. and Bousquet, B. and Brown, H. N. and Bunce, G. and Carey, R. M. and Cushman, P. and Danby, G. T. and Debevec, P. T. and Deile, M. and Deng, H. and Deninger, W. and Dhawan, S. K. and Druzhinin, V. P. and Duong, L. and Efstathiadis, E. and Farley, F. J. M. and Fedotovich, G. V. and Giron, S. and Gray, F. E. and Grigoriev, D. and Grosse-Perdekamp, M. and Grossmann, A. and Hare, M. F. and Hertzog, D. W. and Huang, X. and Hughes, V. W. and Iwasaki, M. and Jungmann, K. and Kawall, D. and Kawamura, M. and Khazin, B. I. and Kindem, J. and Krienen, F. and Kronkvist, I. and Lam, A. and Larsen, R. and Lee, Y. Y. and Logashenko, I. and McNabb, R. and Meng, W. and Mi, J. and Miller, J. P. and Mizumachi, Y. and Morse, W. M. and Nikas, D. and Onderwater, C. J. G. and Orlov, Y. and \"Ozben, C. S. and Paley, J. M. and Peng, Q. and Polly, C. C. and Pretz, J. and Prigl, R. and zu Putlitz, G. and Qian, T. and Redin, S. I. and Rind, O. and Roberts, B. L. and Ryskulov, N. and Sedykh, S. and Semertzidis, Y. K. and Shagin, P. and Shatunov, Yu. M. and Sichtermann, E. P. and Solodov, E. and Sossong, M. and Steinmetz, A. and Sulak, L. R. and Timmermans, C. and Trofimov, A. and Urner, D. and von Walter, P. and Warburton, D. and Winn, D. and Yamamoto, A. and Zimmerman, D.},
  collaboration = {Muon g-2 Collaboration},
  journal = {Phys. Rev. D},
  volume = {73},
  issue = {7},
  pages = {072003},
  numpages = {41},
  year = {2006},
  month = {Apr},
  publisher = {American Physical Society},
  doi = {10.1103/PhysRevD.73.072003},
  url = {http://link.aps.org/doi/10.1103/PhysRevD.73.072003}
}


@article{Danby2001,
title = "The Brookhaven muon storage ring magnet ",
journal = "Nuclear Instruments and Methods in Physics Research Section A: Accelerators, Spectrometers, Detectors and Associated Equipment ",
volume = "457",
number = "1â€“2",
pages = "151 - 174",
year = "2001",
note = "",
issn = "0168-9002",
doi = "http://dx.doi.org/10.1016/S0168-9002(00)00704-X",
url = "http://www.sciencedirect.com/science/article/pii/S016890020000704X",
author = "G.T. Danby and L. Addessi and Z. Armoza and J. Benante and H.N. Brown and G. Bunce and J.C. Cottingham and J. Cullen and J. Geller and H. Hseuh and J.W. Jackson and L. Jia and S. Kochis and D. Koniczny and R. Larsen and Y.Y. Lee and M. Mapes and R.E. Meier and W. Meng and W.M. Morse and M. O'Toole and C. Pai and I. Polk and R. Prigl and Y.K. Semertzidis and R. Shutt and L. Snydstrup and A. Soukas and T. Tallerico and F. Toldo and D.Von Lintig and K. Woodle and R.M. Carey and W. Earle and E.S. Hazen and F. Krienen and J.P. Miller and J. Ouyang and B.L. Roberts and L.R. Sulak and W.A. Worstell and Y. Orlov and D. Winn and A. Grossmann and K. Jungmann and G. zu Putlitz and P. von Walter and P.T. Debevec and W.J. Deninger and D.W. Hertzog and S. Sedykh and D. Urner and M.A. Green and U. Haeberlen and P. Cushman and S. Giron and J. Kindem and D. Miller and C. Timmermans and D. Zimmerman and V.P. Druzhinin and G.V. Fedotovich and D.N. Grigorev and B.I. Khazin and N.M. Ryskulov and S. Serednyakov and Yu.M. Shatunov and E. Solodov and K. Endo and H. Hirabayashi and Y. Mizumachi and A. Yamamoto and S.K. Dhawan and A. Disco and F.J.M. Farley and X. Fei and M. Grosse-Perdekamp and V.W. Hughes and D. Kawall and S.I. Redin",
keywords = "Superconducting magnet",
keywords = "Muon g-2",
keywords = "Storage ring",
keywords = "Large superconducting coils "
}